% Encoding: UTF-8

@Electronic{pronouns,
  author       = {Abigail Saguy and Juliet Williams},
  year         = {2020},
  note         = {[Access 2020-05-20]},
  title        = {Why We Should All Use They/Them Pronouns},
  url          = {https://blogs.scientificamerican.com/voices/why-we-should-all-use-they-them-pronouns/},
}

@Electronic{apaDefinitions,
  author       = {{APA}},
  year         = {2021},
  note         = {[Access 2021-04-06]},
  title        = {Definitions Related to Sexual Orientation},
  url          = {https://www.apa.org/pi/lgbt/resources/sexuality-definitions.pdf},
}

@Electronic{nisBrief,
  author       = {Maria Del Mar Negreiro-Achiaga},
  year         = {2023},
  note         = {[Access 2024-04-14]},
  title        = {The NIS2 Directive},
  url          = {https://www.europarl.europa.eu/thinktank/en/document/EPRS_BRI(2021)689333},
}

@Electronic{nisGuide,
  author       = {{NIS 2 Compliant.org}},
  year         = {2024},
  note         = {[Access 2024-08-03]},
  title        = {Comprehensive guide to the NIS 2 directive},
  url          = {https://nis2compliant.org/},
}

@Electronic{nisReqs,
  author       = {{NIS 2 Compliant.org}},
  year         = {2024},
  note         = {[Access 2024-08-03]},
  title        = {Requirements Checklist for NIS 2},
  url          = {https://nis2compliant.org/},
}

@Electronic{nisPols,
  author       = {{NIS 2 Compliant.org}},
  year         = {2024},
  note         = {[Access 2024-08-03]},
  title        = {List of policies required by NIS 2 directive},
  url          = {https://nis2compliant.org/},
}

@Electronic{nis2,
  author       = {{European Union}},
  year         = {2022},
  note         = {[Access 2024-08-22]},
  title        = {NIS2 Directive},
  url          = {https://eur-lex.europa.eu/eli/dir/2022/2555/2022-12-27},
}

@Electronic{nis2Umsucg,
  author       = {{BMI}},
  year         = {2025},
  note         = {[Access 2025-05-29]},
  title        = {Entwurf eines Gesetzes},
  url          = {https://www.bmi.bund.de/SharedDocs/gesetzgebungsverfahren/DE/CI1/nis2umsucg.html},
}

@Electronic{ciaTriad,
  author       = {{Washington University}},
  year         = {2025},
  note         = {[Access 2025-05-29]},
  title        = {The CIA Triad},
  url          = {https://informationsecurity.wustl.edu/guidance/confidentiality-integrity-and-availability-the-cia-triad/},
}

@Electronic{whatKritis,
  author       = {{BSI}},
  year         = {2025},
  note         = {[Access 2025-05-29]},
  title        = {What are Critical Infrastructures?},
  url          = {https://www.bsi.bund.de/EN/Themen/Regulierte-Wirtschaft/Kritische-Infrastrukturen/Allgemeine-Infos-zu-KRITIS/allgemeine-infos-zu-kritis_node.html},
}

@Electronic{cyberPol,
  author       = {{European Union}},
  year         = {2023},
  note         = {[Access 2024-04-14]},
  title        = {Cybersecurity Policies},
  url          = {https://digital-strategy.ec.europa.eu/en/policies/cybersecurity-policies},
}

@Electronic{cyberSec,
  author       = {{European Union}},
  year         = {2023},
  note         = {[Access 2024-08-21]},
  title        = {The EU Cybersecurity Act},
  url          = {https://digital-strategy.ec.europa.eu/en/policies/cybersecurity-act},
}

@Electronic{cyberSol,
  author       = {{European Union}},
  year         = {2024},
  note         = {[Access 2024-08-21]},
  title        = {The EU Cyber Solidarity Act},
  url          = {https://digital-strategy.ec.europa.eu/en/policies/cyber-solidarity},
}

@Electronic{cyberResiliency,
  author       = {{European Union}},
  year         = {2024},
  note         = {[Access 2024-08-21]},
  title        = {Cyber Resiliency Act},
  url          = {https://digital-strategy.ec.europa.eu/en/policies/cyber-resilience-act},
}

@Electronic{aboutEnisa,
  author       = {{European Union}},
  year         = {2024},
  note         = {[Access 2024-08-21]},
  title        = {About Enisa},
  url          = {https://www.enisa.europa.eu/about-enisa},
}

@Electronic{expScribbr,
  author       = {Lea Genau},
  year         = {2022},
  note         = {[Access 2024-04-15]},
  title        = {Ein Experiment in deiner Abschlussarbeit durchf√ºhren},
  url          = {https://www.scribbr.de/methodik/experiment/},
}

@Electronic{uwubernetes,
  author       = {Amit Dsouza and Kristin Martin},
  year         = {2024},
  note         = {[Access 2024-04-18]},
  title        = {Kubernetes v1.30},
  url          = {https://kubernetes.io/blog/2024/04/17/kubernetes-v1-30-release/},
}

@Electronic{cisControls,
  author       = {{CIS}},
  year         = {2025},
  note         = {[Access 2025-05-29]},
  title        = {CIS Critical Security Controls},
  url          = {https://www.cisecurity.org/controls},
}

@Electronic{cisBenchmarks,
  author       = {{CIS}},
  year         = {2024},
  note         = {[Access 2024-04-18]},
  title        = {CIS Benchmarks List},
  url          = {https://www.cisecurity.org/cis-benchmarks},
}

@Electronic{cisAks,
  author       = {{CIS}},
  year         = {2023},
  note         = {[Access 2024-04-18]},
  title        = {CIS AKS Benchmark},
  url          = {https://www.cisecurity.org/cis-benchmarks},
}

@Electronic{cisK8s,
  author       = {{CIS}},
  year         = {2023},
  note         = {[Access 2024-04-18]},
  title        = {CIS Kubernetes Benchmark},
  url          = {https://www.cisecurity.org/cis-benchmarks},
}

@Electronic{cisMappings,
  author       = {{CIS}},
  year         = {2024},
  note         = {[Access 2024-08-19]},
  title        = {CIS Controls Mappings},
  url          = {https://www.cisecurity.org/controls/v7#v7-controls-mappings},
}

@Electronic{cisFaq,
  author       = {{CIS}},
  year         = {2024},
  note         = {[Access 2024-08-22]},
  title        = {CIS Critical Security Controls FAQ},
  url          = {https://www.cisecurity.org/controls/cis-controls-faq},
}

@Electronic{rancherBenchmarks,
  author       = {{Rancher Labs}},
  year         = {2025},
  note         = {[Access 2025-05-29]},
  title        = {CIS Scans},
  url          = {https://ranchermanager.docs.rancher.com/integrations-in-rancher/cis-scans},
}

@Electronic{rancher,
  author       = {{Rancher Labs}},
  year         = {2020},
  note         = {[Access 2020-05-10]},
  title        = {Run Kubernetes Everywhere},
  url          = {https://rancher.com/},
}

@Electronic{rke2Hardening,
  author       = {{SUSE}},
  year         = {2024},
  note         = {[Access 2024-08-25]},
  title        = {CIS Hardening Guide},
  url          = {https://docs.rke2.io/security/hardening_guide},
}

@Electronic{rke2Self,
  author       = {{SUSE}},
  year         = {2024},
  note         = {[Access 2024-08-25]},
  title        = {CIS Self-Assessment Guide},
  url          = {https://docs.rke2.io/security/cis_self_assessment123},
}

@Electronic{bardCybersec,
  author       = {{Gemini}},
  year         = {2024},
  note         = {[Access 2024-04-18]},
  title        = {What is Cyber Security},
  url          = {https://gemini.google.com},
}

@Electronic{bardKubernetes,
  author       = {{Gemini}},
  year         = {2024},
  note         = {[Access 2024-04-18]},
  title        = {What is Kubernetes},
  url          = {https://gemini.google.com},
}

@inbook{3dgreesMore,
  author       = {Stephan Rahmstorf},
  editor       = {Klaus Wiegandt},
  year         = {2024},
  title        = {Climate and Weather at 3 Degrees More},
  bookTitle    = {3 Degrees More: The Impending Hot Season and How Nature Can Help Us Prevent It},
  pages        = {3--17},
  publisher    = {Springer Nature Switzerland},
  address      = {Cham},
  doi          = {10.1007/978-3-031-58144-1_1},
  isbn         = {978-3-031-58144-1}
}

@book{Glasman-Deal2010,
  author       = {Glasman-Deal, Hilary},
  year         = {2010},
  title        = {Science Research Writing for Non-native Speakers of English},
  edition      = {},
  ISBN         = {978-1-848-16311-9},
  publisher    = {World Scientific},
  address      = {Singapur},
}

@Electronic{previousPaper,
  author       = {Christian Frank},
  year         = {2024},
  note         = {[Access 2025-05-29]},
  title        = {NIS2 and CIS Controls},
  url          = {https://storage.googleapis.com/bucket.chfrank.net/NIS2-CIS-Controls.pdf},
}

@Comment{jabref-meta: databaseType:bibtex;}
